@ONLINE {TJL,
    title = "Julia Language",
    month = "apr",
    year  = "2018",
    url   = "julialang.github.com/index.md"
}
@ONLINE {PureFunctions,
    title = "Introducing Julia / Functions",
    month = "nov",
    year  = "2017",
    url   = "https://en.wikibooks.org/wiki/Introducing_Julia/Functions#Local_variables_and_changing_the_values_of_arguments"
}
@ONLINE {AnonymousFunctions,
    title = "Introducing Julia / Functions",
    month = "nov",
    year  = "2017",
    url   = "https://en.wikibooks.org/wiki/Introducing_Julia/Functions#Anonymous_functions"
}
@ONLINE {Currying,
    title = "Introducing Julia / Functions",
    month = "nov",
    year  = "2017",
    url   = "https://rosettacode.org/wiki/Currying#Julia"
}
@ONLINE {PatternMatching,
    author = "Kevin Squire",
    title  = "Match.jl â€“- Advanced Pattern Matching for Julia",
    month  = "may",
    year   = "2018",
    url    = "http://kmsquire.github.io/Match.jl/latest/"
}
@ONLINE {HigherOrderFunctions,
    title = "Introducing Julia / Functions",
    month = "may",
    year  = "2018",
    url   = "https://rosettacode.org/wiki/Higher-order_functions#Julia"
}
@ONLINE {Map,
    title = "Introducing Julia / Functions",
    month = "nov",
    year  = "2017",
    url   = "https://en.wikibooks.org/wiki/Introducing_Julia/Functions#Map"
}

@ONLINE {FuncPart,
    title = "Introducing Julia / Functions",
    month = "nov",
    year  = "2017",
    url   = "https://en.wikibooks.org/wiki/Introducing_Julia/Functions"
}

@ONLINE {Doc,
    title = "Julia Documentation",
    month = "nov",
    year  = "2017",
    url   = "https://docs.julialang.org/en/stable/"
}